@article{simpson2012think,
  title={Think continuous: Markovian Gaussian models in spatial statistics},
  author={Simpson, Daniel and Lindgren, Finn and Rue, H{\aa}vard},
  journal={Spatial Statistics},
  volume={1},
  pages={16--29},
  year={2012},
  publisher={Elsevier}
}

@book{patel1996handbook,
  title={Handbook of the normal distribution},
  author={Patel, Jagdish K and Read, Campbell B},
  volume={150},
  year={1996},
  publisher={CRC Press}
}


@book{sivia2006data,
  title={Data analysis: a Bayesian tutorial},
  author={Sivia, Devinderjit and Skilling, John},
  year={2006},
  publisher={OUP Oxford}
}

@article{higdon2006primer,
  title={A primer on space-time modeling from a Bayesian perspective},
  author={Higdon, Dave},
  journal={Monographs on Statistics and Applied Probability},
  volume={107},
  pages={217},
  year={2006},
  publisher={Chapman \& Hall}
}


@book{rue2005gaussian,
  title={Gaussian Markov random fields: theory and applications},
  author={Rue, Havard and Held, Leonhard},
  year={2005},
  publisher={Chapman and Hall/CRC}
}

@book{bremaud2013markov,
  title={Markov chains: Gibbs fields, Monte Carlo simulation, and queues},
  author={Br{\'e}maud, Pierre},
  volume={31},
  year={2013},
  publisher={Springer Science \& Business Media}
}


@article{fox2016fast,
  title={Fast sampling in a linear-Gaussian inverse problem},
  author={Fox, Colin and Norton, Richard A},
  journal={SIAM/ASA Journal on Uncertainty Quantification},
  volume={4},
  number={1},
  pages={1191--1218},
  year={2016},
  publisher={SIAM}
}

@book{bishop2006pattern,
  title={Pattern recognition and machine learning},
  author={Bishop, Christopher M and Nasrabadi, Nasser M},
  volume={4},
  number={4},
  year={2006},
  publisher={Springer}
}

@article{fox2010introduction,
  title={An Introduction to Inverse Problems},
  author={Fox, Colin and Nicholls, Geoff K and Tan, Sze M},
  journal={Course notes for ELEC},
  volume={404},
  year={2010}
}

@article{besag1974spatial,
  title={Spatial interaction and the statistical analysis of lattice systems},
  author={Besag, Julian},
  journal={Journal of the Royal Statistical Society: Series B (Methodological)},
  volume={36},
  number={2},
  pages={192--225},
  year={1974},
  publisher={Wiley Online Library}
}

@article{metropolis1953equation,
  title={Equation of state calculations by fast computing machines},
  author={Metropolis, Nicholas and Rosenbluth, Arianna W and Rosenbluth, Marshall N and Teller, Augusta H and Teller, Edward},
  journal={The journal of chemical physics},
  volume={21},
  number={6},
  pages={1087--1092},
  year={1953},
  publisher={American Institute of Physics}
}

@article{hastings1970monte,
  title={Monte Carlo sampling methods using Markov chains and their applications},
  author={Hastings, W Keith},
  year={1970},
  publisher={Oxford University Press}
}

@incollection{hammersley1964general,
  title={General principles of the Monte Carlo method},
  author={Hammersley, John Michael and Handscomb, David Christopher},
  booktitle={Monte Carlo Methods},
  pages={50--75},
  year={1964},
  publisher={Springer}
}


@book{whitlock1986monte,
  title={Monte Carlo Methods},
  author={Whitlock, Paula A and Kalos, MH},
  year={1986},
  publisher={Wiley}
}

@article{metropolis1949monte,
  title={The monte carlo method},
  author={Metropolis, Nicholas and Ulam, Stanislaw},
  journal={Journal of the American statistical association},
  volume={44},
  number={247},
  pages={335--341},
  year={1949},
  publisher={Taylor \& Francis}
}

@article{markov2006extension,
  title={Extension of the law of large numbers to quantities, depending on each other (1906). Reprint.},
  author={Markov, AA},
  journal={Journal {\'E}lectronique d'Histoire des Probabilit{\'e}s et de la Statistique [electronic only]},
  volume={2},
  number={1b},
  pages={Article--10},
  year={2006},
  publisher={S{\'e}minaire d'Histoire du Calcul des Probabilit{\'e}s et de la Statistique, EHESS~â€¦}
}

@article{bardsley2012mcmc,
  title={MCMC-based image reconstruction with uncertainty quantification},
  author={Bardsley, Johnathan M},
  journal={SIAM Journal on Scientific Computing},
  volume={34},
  number={3},
  pages={A1316--A1332},
  year={2012},
  publisher={SIAM}
}

@article{bardsley2015randomize,
  title={Randomize-then-optimize for sampling and uncertainty quantification in electrical impedance tomography},
  author={Bardsley, Johnathan M and Seppanen, Aku and Solonen, Antti and Haario, Heikki and Kaipio, Jari},
  journal={SIAM/ASA Journal on Uncertainty Quantification},
  volume={3},
  number={1},
  pages={1136--1158},
  year={2015},
  publisher={SIAM}
}

@book{s1996conditioning,
  title={Conditioning permeability fields to pressure data},
  author={S. Oliver, D and He, Nanqun and C. Reynolds, A},
  booktitle={ECMOR V-5th European conference on the mathematics of oil recovery},
  pages={cp--101},
  year={1996},
  organization={EAGE Publications BV}
}

@article{orieux2012sampling,
  title={Sampling high-dimensional Gaussian distributions for general linear inverse problems},
  author={Orieux, Fran{\c{c}}ois and F{\'e}ron, Olivier and Giovannelli, J-F},
  journal={IEEE Signal Processing Letters},
  volume={19},
  number={5},
  pages={251--254},
  year={2012},
  publisher={IEEE}
}

@book{gohberg2012traces,
  title={Traces and determinants of linear operators},
  author={Gohberg, Israel and Goldberg, Seymour and Krupnik, Nahum},
  volume={116},
  year={2012},
  publisher={Birkh{\"a}user}
}

@article{fischer2000envisat,
  title={Envisat-Mipas, the Michelson Interferometer for Passive Atmospheric Sounding; An instrument for atmospheric chemistry and climate research},
  author={Fischer, H and Blom, C and Oelhaf, H and Carli, B and Carlotti, M and Delbouille, L and Ehhalt, D and Flaud, JM and Isaksen, I and Lopez-Puertas, M and others},
  journal={ESA SP},
  volume={1229},
  year={2000}
}

@misc{Uwerr,
  author = {Ulli Wolff},
  title = {{Matlab function UWerr.m Version6 described in the paper `Monte Carlo errors with less errors'}},
  howpublished = "\url{https://www.physik.hu-berlin.de/de/com/ALPHAsoft}",
  year = {2003}, 
  note = "[Online; accessed 22-August-2023]"
}

@article{christen2010general,
  title={A general purpose sampling algorithm for continuous distributions (the t-walk)},
  author={Christen, J Andr{\'e}s and Fox, Colin},
  year={2010}
}